@manual{uPortWhitePaper,
  title={UPORT: A PLATFORM FOR SELF-SOVEREIGN IDENTITY},
  author={Christian Lundvist and Rouven Heck and Joel Trostensson and Zac Mitton and Michael Sena},
  organization={uport},
  edition={Draft Version 2017-02-21},
  month={2},
  note={\url{https://whitepaper.uport.me/uPort_whitepaper_DRAFT20170221.pdf}},
  year={2017}
},
@article{digitalIdentityDefinition,
  title={Establishing and protecting digital identity in federation systems},
  author={Bhargav-Spantzel, Abhilasha and Squicciarini, Anna C and Bertino, Elisa},
  journal={Journal of Computer Security},
  volume={14},
  number={3},
  pages={269--300},
  year={2006},
  publisher={IOS Press}
},
@incollection{managingIdentity,
  title={Identity management architecture},
  author={Gl{\"a}sser, Uwe and Vajihollahi, Mona},
  booktitle={Security Informatics},
  pages={97--116},
  year={2010},
  publisher={Springer}
<<<<<<< Updated upstream
=======
},
@article{gdpr,
  title={95/46/EC of the European Parliament and of the Council of 24 October 1995 on the protection of individuals with regard to the processing of personal data and on the free movement of such data},
  author={Directive, EU},
  journal={Official Journal of the EC},
  volume={23},
  number={6},
  year={1995}
>>>>>>> Stashed changes
}
